@InProceedings{OSC, 
	author={Drago\c{s} Gavrilu\c{t}, Mihai Cimpoe\c{s}u, Dan Anton and Liviu Ciortuz}, 
	booktitle={Computation World: Future Computing, Service Computation, Cognitive, Adaptive, Content, Patterns}, 
	title={Malware Detection Using Perceptrons and Support Vector Machines}, 
	year={2009},
        url={https://ieeexplore.ieee.org/document/5359599/}
}

@inproceedings{KimHOL18,
  author    = {Sangwoo Kim and
               Seokmyung Hong and
               Jaesang Oh and
               Heejo Lee},
  title     = {Obfuscated {VBA} Macro Detection Using Machine Learning},
  booktitle = {48th Annual {IEEE/IFIP} International Conference on Dependable Systems
               and Networks, {DSN} 2018, Luxembourg City, Luxembourg, June 25-28,
               2018},
  pages     = {490--501},
  year      = {2018},
  url       = {https://doi.org/10.1109/DSN.2018.00057},
  doi       = {10.1109/DSN.2018.00057},
  timestamp = {Mon, 30 Jul 2018 15:53:29 +0200}
}

@inproceedings{AboudO18,
  author    = {Ed Aboud and
               Darragh O'Brien},
  title     = {Detection of Malicious {VBA} Macros using Machine Learning Methods},
  booktitle = {Proceedings for the 26th {AIAI} Irish Conference on Artificial Intelligence
               and Cognitive Science Trinity College Dublin, Dublin, Ireland, December
               6-7th, 2018.},
  pages     = {374--385},
  year      = {2018},
  url       = {http://doras.dcu.ie/22879/1/aics_34.pdf},
  timestamp = {Tue, 28 May 2019 16:23:43 +0200}
}

@inproceedings{SantosT17,
  author    = {Sergio de los Santos and
               Jos{\'{e}} Torres},
  title     = {Macro Malware Detection using Machine Learning Techniques - {A} New
               Approach},
  booktitle = {Proceedings of the 3rd International Conference on Information Systems
               Security and Privacy, {ICISSP} 2017, Porto, Portugal, February 19-21,
               2017.},
  pages     = {295--302},
  year      = {2017},
  url       = {https://doi.org/10.5220/0006132202950302},
  doi       = {10.5220/0006132202950302},
  timestamp = {Thu, 18 May 2017 14:32:32 +0200}
}

@article{NissimCE17,
  author    = {Nir Nissim and
               Aviad Cohen and
               Yuval Elovici},
  title     = {{ALDOCX:} Detection of Unknown Malicious Microsoft Office Documents
               Using Designated Active Learning Methods Based on New Structural Feature
               Extraction Methodology},
  journal   = {{IEEE} Trans. Information Forensics and Security},
  volume    = {12},
  number    = {3},
  pages     = {631--646},
  year      = {2017},
  url       = {https://doi.org/10.1109/TIFS.2016.2631905},
  doi       = {10.1109/TIFS.2016.2631905},
  timestamp = {Wed, 04 Jul 2018 13:22:54 +0200},
}

@inproceedings{fleuret, 
      title={Fast Binary Feature Selection with Conditional Mutual Information}, 
      url={http://jmlr.csail.mit.edu/papers/v5/fleuret04a.html}, 
      journal={Journal of Machine Learning Research}, 
      author={Fran{\c}ois Fleuret}, 
      }